@article{Haken1985Intractability,
  author    = {Armin Haken},
  title     = {The Intractability of Resolution},
  journal   = {Theoretical Computer Science},
  volume    = {39},
  year      = {1985},
  pages     = {297-308},
  doi       = {http://dx.doi.org/10.1016/0304-3975(85)90144-6}
}

@InCollection{Kullmann2007HandbuchMU,
  author =       {Hans {Kleine B{\"{u}}ning} and Oliver Kullmann},
  title =        {Minimal Unsatisfiability and Autarkies},
  booktitle =    {Handbook of Satisfiability},
  crossref =     {2008HandbuchSAT},
  pages =        {339-401},
  chapter =      11,
  doi =          {10.3233/978-1-58603-929-5-339}
}
@Book{2008HandbuchSAT,
  editor =       {Armin Biere and Marijn J.H. Heule and Hans van Maaren and Toby Walsh},
  title =        {Handbook of Satisfiability},
  publisher =    {IOS Press},
  year =         2009,
  Month = {February},
  Volume = {185},
  ISBN = {978-1-58603-929-5},
  ISSN = {0922-6389},
  Series = {Frontiers in Artificial Intelligence and Applications},
  Pages = {980}
}

@MISC{Buss96resolution,
    author = {Sam Buss and Toniann Pitassi},
    title = {Resolution and the Weak Pigeonhole Principle},
    year = {1996}
}

@InCollection{Buss88GeneralProof,
    author = {Sam Buss and TGyorgy Turan},
    title = {Resolution Proofs of Generalized Pigeonhole Principles},
    year = {1988},
    booktitle =    {Theoretical Computer Science},
}

@inproceedings{DantchevTreePHP,
 author = {Dantchev, Stefan and Riis, S"ren},
 title = {Tree Resolution Proofs of the Weak Pigeon-Hole Principle},
 booktitle = {Proceedings of the 16th Annual Conference on Computational Complexity},
 series = {CCC '01},
 year = {2001},
 pages = {69--},
 url = {http://dl.acm.org/citation.cfm?id=872746.873153},
 acmid = {873153},
 publisher = {IEEE Computer Society},
 address = {Washington, DC, USA},
} 

@inproceedings{AtseriasImprovedBounds,
 author = {Atserias, Albert},
 title = {Improved Bounds on the Weak Pigeonhole Principle and Infinitely Many Primes from Weaker Axioms},
 booktitle = {Proceedings of the 26th International Symposium on Mathematical Foundations of Computer Science},
 series = {MFCS '01},
 year = {2001},
 isbn = {3-540-42496-2},
 pages = {148--158},
 numpages = {11},
 url = {http://dl.acm.org/citation.cfm?id=645730.668193},
 acmid = {668193},
 publisher = {Springer-Verlag},
 address = {London, UK, UK},
} 

@article{Ojakian05UpperLower,
  added-at = {2006-02-07T00:00:00.000+0100},
  author = {Ojakian, Kerry},
  biburl = {http://www.bibsonomy.org/bibtex/299e7b155d23458a95042f0e976e382d5/dblp},
  date = {2006-02-07},
  description = {dblp},
  ee = {http://dx.doi.org/10.1016/j.apal.2005.01.001},
  interhash = {72fee1df26fcb537abfbc244c8e985ba},
  intrahash = {99e7b155d23458a95042f0e976e382d5},
  journal = {Ann. Pure Appl. Logic},
  keywords = {dblp},
  number = {1-3},
  pages = {135-150},
  timestamp = {2006-02-07T00:00:00.000+0100},
  title = {Upper and lower Ramsey bounds in bounded arithmetic.},
  url = {http://dblp.uni-trier.de/db/journals/apal/apal135.html#Ojakian05},
  volume = 135,
  year = 2005
}